@article{saabith2019python,
  title={Python current trend applications-an overview},
  author={Saabith, AS and Fareez, MMM and Vinothraj, T},
  journal={International Journal of Advance Engineering and Research Development},
  volume={6},
  number={10},
  year={2019}
}

@inproceedings{zhang2020python,
  title={How do python framework apis evolve? an exploratory study},
  author={Zhang, Zhaoxu and Zhu, Hengcheng and Wen, Ming and Tao, Yida and Liu, Yepang and Xiong, Yingfei},
  booktitle={2020 ieee 27th international conference on software analysis, evolution and reengineering (saner)},
  pages={81--92},
  year={2020},
  organization={IEEE}
}

@inproceedings{peng2021empirical,
  title={An empirical study for common language features used in python projects},
  author={Peng, Yun and Zhang, Yu and Hu, Mingzhe},
  booktitle={2021 IEEE International Conference on Software Analysis, Evolution and Reengineering (SANER)},
  pages={24--35},
  year={2021},
  organization={IEEE}
}

@inproceedings{ray2014large,
  title={A large scale study of programming languages and code quality in github},
  author={Ray, Baishakhi and Posnett, Daryl and Filkov, Vladimir and Devanbu, Premkumar},
  booktitle={Proceedings of the 22nd ACM SIGSOFT international symposium on foundations of software engineering},
  pages={155--165},
  year={2014}
}

@inproceedings{aakerblom2014tracing,
  title={Tracing dynamic features in python programs},
  author={{\AA}kerblom, Beatrice and Stendahl, Jonathan and Tumlin, Mattias and Wrigstad, Tobias},
  booktitle={Proceedings of the 11th working conference on mining software repositories},
  pages={292--295},
  year={2014}
}

@inproceedings{cao2021research,
  title={Research on Python data visualization technology},
  author={Cao, Shengjia and Zeng, Yunhan and Yang, Shangru and Cao, Songlin},
  booktitle={Journal of Physics: Conference Series},
  volume={1757},
  number={1},
  pages={012122},
  year={2021},
  organization={IOP Publishing}
}

@article{fernandez2023empirical,
  title={Empirical foundation for memory usage analysis through software visualizations},
  author={Fern{\'a}ndez Blanco, Alison},
  year={2023},
  publisher={Universidad de Chile}
}

@misc{batchelder_2023_coveragepy,
  author = {Batchelder, Ned},
  month = {03},
  title = {Coverage.py},
  url = {https://github.com/nedbat/coveragepy},
  year = {2023},
  organization = {GitHub}
}

@misc{a2011_how,
  month = {05},
  title = {How C trace functions really work},
  url = {https://nedbatchelder.com/text/trace-function.html},
  urldate = {2023-10-31},
  year = {2011},
  organization = {nedbatchelder.com}
}

@misc{cpythonlibtracepy,
  title = {cpython/Lib/trace.py at main · python/cpython},
  url = {https://github.com/python/cpython/blob/main/Lib/trace.py},
  urldate = {2023-10-31},
  organization = {GitHub}
}

@misc{trace,
  title = {trace — Trace or track Python statement execution — Python 3.10.4 documentation},
  url = {https://docs.python.org/3/library/trace.html},
  organization = {docs.python.org}
}

@misc{salis2021pycg,
  title={PyCG: Practical Call Graph Generation in Python}, 
  author={Vitalis Salis and Thodoris Sotiropoulos and Panos Louridas and Diomidis Spinellis and Dimitris Mitropoulos},
  year={2021},
  eprint={2103.00587},
  archivePrefix={arXiv},
  primaryClass={cs.PL}
}

@misc{pibs,
  author = {Jinpeng Zhai},
  title = {Phoenix's Interior Ballistics Solver},
  year = {2023},
  publisher = {GitHub},
  journal = {GitHub repository},
  howpublished = {\url{https://github.com/Prethea-Phoenixia/Phoenix-s-Interior-Ballistic-Solver-PIBS}},
  commit = {latest}
}

@misc{pycallgraph,
  author = {@gak@zoot.fun},
  title = {pycallgraph},
  year = {2019},
  publisher = {GitHub},
  journal = {GitHub repository (public archive)},
  howpublished = {\url{https://github.com/gak/pycallgraph}},
  commit = {last}
}

@misc{pycallgraph2,
  author = {Dan Eads},
  title = {pycallgraph2},
  year = {2019},
  publisher = {GitHub},
  journal = {GitHub repository},
  howpublished = {\url{https://github.com/daneads/pycallgraph2}},
  commit = {release version 1.1.3}
}

